@inproceedings{raemaekers2014semantic,
  title={Semantic versioning versus breaking changes: a study of the Maven Repository},
  author={Raemaekers, Steven and van Deursen, Arie and Visser, Joost},
  booktitle={Source Code Analysis and Manipulation (SCAM), 2014 IEEE 14th International Working Conference on},
  pages={215--224},
  year={2014},
  organization={IEEE}
}
@inproceedings{davies2011software,
  title={Software bertillonage: finding the provenance of an entity},
  author={Davies, Julius and German, Daniel M and Godfrey, Michael W and Hindle, Abram},
  booktitle={Proceedings of the 8th working conference on mining software repositories},
  pages={183--192},
  year={2011},
  organization={ACM}
}
@inproceedings{raemaekers2013maven,
  title={The maven repository dataset of metrics, changes, and dependencies},
  author={Raemaekers, Steven and Deursen, Arie van and Visser, Joost},
  booktitle={Proceedings of the 10th Working Conference on Mining Software Repositories},
  pages={221--224},
  year={2013},
  organization={IEEE Press}
}
@article{fluri2007change,
  title={Change distilling: Tree differencing for fine-grained source code change extraction},
  author={Fluri, Beat and Wursch, Michael and PInzger, Martin and Gall, Harald C},
  journal={Software Engineering, IEEE Transactions on},
  volume={33},
  number={11},
  pages={725--743},
  year={2007},
  publisher={IEEE}
}